@TechReport{3GPP_R4_092042,
  Title                    = {{3GPP R}4-092042: Simulation assumptions and parameters for {FDD HeNB RF} requirements},
  Institution              = {3GPP},
  Organization             = {3GPP},
  Author                   = {{3GPP}},
  Year                     = {2009},

  Owner                    = {Vicente Sousa},
  Timestamp                = {2017.04.17}
}

@Electronic{web_acusticMagic,
  year         = {2018},
  title        = {{Acoustic Magic User Comments}},
  organization = {Acoustic Magic},
  url          = {https://www.acousticmagic.com/about-us/user-comments/},
}

@TechReport{v2x_5Gamericas,
  author      = {5G Americas},
  title       = {5{G} Americas White Paper: Cellular {V2X} Communications Towards 5{G}},
  institution = {5G Americas},
  year        = {2018},
}

@Electronic{web_google_home,
  author = {Google},
  year   = {2018},
  title  = {{Google Home Smart Speaker}},
  url    = {https://store.google.com/gb/product/google_home},
}

@Electronic{web_dingdong,
  author = {Joshua D. Bateman},
  year   = {2017},
  title  = {{Behold China's Answer to Amazon Echo: The LingLong DingDong}},
  url    = {https://www.wired.com/2016/11/behold-chinas-answer-amazon-echo-linglong-dingdong/},
}

@book{book_echo_dot_Wright_2016,
 author = {Wright, Steve},
 title = {{Amazon Echo Dot: Amazon Dot Advanced User Guide: Step-by-Step Instructions to Enrich Your Smart Life!}},
 year = {2016},
 publisher = {CreateSpace Independent Publishing Platform},
} 


@ARTICLE{LoT_survey, 
author={R. C. Shit and S. Sharma and D. Puthal and A. Y. Zomaya}, 
journal={IEEE Communications Surveys Tutorials}, 
title={{Location of Things (LoT): A Review and Taxonomy of Sensors Localization in IoT Infrastructure}}, 
year={2018}, 
}

@TechReport{itu_M_2383_2015,
  Title                    = {{Recommendation ITU-R M.2083-0: IMT Vision - Framework and overall objectives of the future development of IMT for 2020 and beyond}},
  Author                   = {ITU-R},
  Institution              = {ITU},
  Year                     = {2015},
  Owner                    = {gppcom},
  Timestamp                = {2018.03.28}
}

@article{Shahzad2013PeriodogramMatlab,
    title = {{Periodogram spectrum sensing using Blackman Tukey method in Matlab}},
    year = {2013},
    journal = {World Applied Sciences Journal},
    author = {Shahzad, K. and Saleem, S. and Aziz, W. and Islam, Q.},
    number = {12},
    pages = {1729--1733},
    volume = {21},
    doi = {10.5829/idosi.wasj.2013.21.12.1886},
    issn = {18184952},
    keywords = {Blackman Tukey, Cognitive radio, Matlab, Periodogram, Wireless communication}
}

@inproceedings{Qin2015DoaDependency,
    title = {{DOA estimation of nonparametric spreading spatial spectrum based on bayesian compressive sensing exploiting intra-task dependency}},
    year = {2015},
    booktitle = {{ICASSP}},
    author = {Qin, Si and Wu, Qisong and Zhang, Yimin D. and Amin, Moeness G.},
}

@article{Agrawal2014OnCapture,
    title = {{On the rapid prototyping of a portable multi media acquisition system for intelligent meeting capture}},
    year = {2014},
    journal = {Journal of Signal Processing Systems},
    author = {Agrawal, Pranjal and Kushwah, Aseem and Kumar, Lalan and Hegde, Rajesh M.},
    number = {3},
    pages = {233--243},
    volume = {75},
    doi = {10.1007/s11265-013-0801-z},
    issn = {19398115},
    keywords = {Intelligent visual acquisition, Meeting capture, Rapid prototyping}
}

@inproceedings{Papez2009AcousticBeamforming,
    title = {{Acoustic Source Localization Based on Beamforming}},
    year = {2009},
    booktitle = {Proceedings of the 13th WSEAS International Conference on CIRCUITS},
    author = {Papez, Martin and Vlcek, Karel},
    pages = {259--264},
    isbn = {9789604743148}
}

@inproceedings{Coelho2008MicrophoneAutomation,
    title = {{Microphone Array Front-End Interface for Home Automation}},
    year = {2008},
    booktitle = {2008 Hands-Free Speech Communication and Microphone Arrays},
    author = {Coelho, Gustavo Esteves and Serralheiro, Antonio Joaquim and Neto, Joao Paulo},
    number = {2},
    month = {5},
    pages = {184--187},
    publisher = {IEEE},
    url = {http://ieeexplore.ieee.org/document/4538717/},
    isbn = {978-1-4244-2337-8},
    doi = {10.1109/HSCMA.2008.4538717}
}

@article{Brandstein1997AArrays,
    title = {{A practical methodology for speech source localization with microphone arrays}},
    year = {1997},
    journal = {Computer Speech {\&} Language},
    author = {Brandstein, Michael S. and Silverman, Harvey F.},
    number = {2},
    month = {4},
    pages = {91--126},
    volume = {11},
    url = {http://linkinghub.elsevier.com/retrieve/pii/S0885230896900248},
    isbn = {0885-2308},
    doi = {10.1006/csla.1996.0024},
    issn = {08852308},
    pmid = {17255001},
    arxivId = {cs/9605103}
}

@inproceedings{Chen2003DSPPlatform,
    title = {{DSP implementation of a distributed acoustical beamformer on a wireless sensor platform}},
    year = {2003},
    booktitle = {2003 IEEE International Conference on Acoustics, Speech, and Signal Processing, 2003. Proceedings. (ICASSP '03).},
    author = {Chen, J.C. and Yip, L. and Wang, H. and Maniezzo, D. and Hudson, R.E. and Elson, J. and Yao, K. and Estrin, D.},
    pages = {597--600},
    volume = {2},
    publisher = {IEEE},
    url = {http://ieeexplore.ieee.org/document/1202437/},
    isbn = {0-7803-7663-3},
    doi = {10.1109/ICASSP.2003.1202437},
    issn = {1520-6149}
}

@article{Tanigawa2003Direction-of-arrivalArray,
    title = {{Direction-of-arrival estimation of speech using virtually generated multichannel data from two-channel microphone array}},
    year = {2003},
    journal = {Electronics and Communications in Japan (Part III: Fundamental Electronic Science)},
    author = {Tanigawa, Shinichi and Hamada, Nozomu},
    number = {2},
    month = {2},
    pages = {33--42},
    volume = {86},
    url = {http://doi.wiley.com/10.1002/ecjc.10038},
    doi = {10.1002/ecjc.10038},
    issn = {1042-0967},
    keywords = {Direction-of-arrival estimation, Harmonic structure of voice, Large-scale array, Two-channel microphone array}
}

@article{Dowling1992AnSystem,
    title = {{An adaptive microphone array processing system}},
    year = {1992},
    journal = {Microprocessors and Microsystems},
    author = {Dowling, EM and Linebarger, DA and Tong, Y and Munoz, M},
    number = {10},
    month = {1},
    pages = {507--516},
    volume = {16},
    url = {http://linkinghub.elsevier.com/retrieve/pii/014193319290080D},
    doi = {10.1016/0141-9331(92)90080-D},
    issn = {01419331},
    keywords = {microphone array, signal processing, speech acquisition}
}

@article{Ding2017DOAEstimates,
    title = {{DOA estimation of multiple speech sources by selecting reliable local sound intensity estimates}},
    year = {2017},
    journal = {Applied Acoustics},
    author = {Ding, Shaowei and Chen, Huawei},
    month = {12},
    pages = {336--345},
    volume = {127},
    publisher = {Elsevier Ltd},
    url = {http://dx.doi.org/10.1016/j.apacoust.2017.07.002 http://linkinghub.elsevier.com/retrieve/pii/S0003682X16305357},
    doi = {10.1016/j.apacoust.2017.07.002},
    issn = {0003682X},
    keywords = {DOA estimation, Differential microphone array, Sound intensity}
}

@article{Lee1997DistributedTechniques,
    title = {{Distributed Source Modeling and Direction-of-Arrival Estimation Techniques}},
    year = {1997},
    journal = {IEEE Trans. Signal Processing},
    author = {Lee, Yong Up and Choi, Jinho and Song, Iickho and Member, Senior and Lee, Seong Ro},
    number = {4},
    pages = {960--969},
    volume = {45}
}

@phdthesis{Messner2013DifferentialArrays,
    title = {{Differential Microphone Arrays}},
    year = {2013},
    author = {Messner, Elmar},
    pages = {92},
    school = {Graz University of Technology}
}

@article{Beheshti2011Mean-SquareWindowing,
    title = {{Mean-Square Error in Periodogram Approaches With Adaptive Windowing}},
    year = {2011},
    journal = {IEEE Transactions on Signal Processing},
    author = {Beheshti, Soosan and Ravan, Maryam and Reilly, James P. and Trainor, Laurel J.},
    number = {3},
    month = {3},
    pages = {923--935},
    volume = {59},
    url = {http://ieeexplore.ieee.org/document/5643172/},
    isbn = {1053-587X},
    doi = {10.1109/TSP.2010.2094192},
    issn = {1053-587X},
    keywords = {Correlation, Spectral analysis, estimation, periodogram}
}

@inproceedings{Qinqin2015StudyArray,
    title = {{Study of delay estimation in acoustic source localization based on microphone array}},
    year = {2015},
    booktitle = {2015 IEEE Advanced Information Technology, Electronic and Automation Control Conference (IAEAC)},
    author = {Qinqin, Zhang and Linghua, Zhang},
    month = {12},
    pages = {664--667},
    publisher = {IEEE},
    url = {http://ieeexplore.ieee.org/document/7428637/},
    isbn = {978-1-4799-1979-6},
    doi = {10.1109/IAEAC.2015.7428637},
    keywords = {acoustic source localization, generalized cross-correlation, microphone array, time delay estimation}
}

@article{Telgarsky2013DominantExtraction,
    title = {{Dominant Frequency Extraction}},
    year = {2013},
    author = {Rastislav Telgarsky},
		journal = {Computing Research Repository - arXiv:1306.0103vl, 12p}

}

@phdthesis{Kirkwood2003AcousticEstimation,
    title = {{Acoustic source localization using time-delay estimation}},
    year = {2003},
    booktitle = {Technical University of Denmark},
    author = {Kirkwood, Bc},
    pages = {208},
    url = {http://brentkirkwood.com/science/documents/BCK_MS_Thesis_Final_20030811.pdf},
    keywords = {Cross-Correlation, Sound Localization, Time-Delay Estimation}
}

@phdthesis{Tellakula2007AcousticEstimation,
    title = {{Acoustic Source Localization Using Time Delay Estimation}},
    year = {2007},
    booktitle = {Faculty of Engineering},
    author = {Tellakula, Ashok Kumar},
    number = {August},
    pages = {76},
    volume = {Master of}
}

@article{Tho2014RobustSources,
    title = {{Robust DOA estimation of multiple speech sources}},
    year = {2014},
    journal = {IEEE International Conference on Acoustics, Speech and Signal Processing},
    author = {Tho, Nguyen Thi Ngoc and Zhao, Shengkui and Jones, Douglas L.}
}

@article{Huang2015Direction-of-arrivalTransformation,
    title = {{Direction-of-arrival estimation of passive acoustic sources in reverberant environments based on the Householder transformation}},
    year = {2015},
    journal = {The Journal of the Acoustical Society of America},
    author = {Huang, Gongping and Chen, Jingdong and Benesty, Jacob},
    number = {5},
    month = {11},
    pages = {3053--3060},
    volume = {138},
    url = {http://asa.scitation.org/doi/10.1121/1.4934954},
    doi = {10.1121/1.4934954},
    issn = {0001-4966}
}

@article{Yuan2008DFTArray,
    title = {{DFT and PSD for estimating DOA with an active acoustic array}},
    year = {2008},
    journal = {IEEE International Conference on Automation and Logistics},
    author = {Yuan, Youchen and Zhang, Bin and Fan, Dong and Tong, Gang},
}

@article{Processes2007SpectralPeriodogram,
    title = {{Spectral analysis of a Plio-Pleistocene multispecies time series using the Mantel periodogram}},
    year = {2007},
    author = {Processes, Geological and Box, P O},
}

@article{Jenkins1961GeneralSpectra,
    title = {{General Considerations in the Analysis of Spectra}},
    year = {1961},
    journal = {Technometrics},
    author = {Jenkins, G. M.},
    number = {2},
    month = {5},
    pages = {133},
    volume = {3},
}

@article{Busso2005SmartIdentification,
    title = {{Smart room: Participant and speaker localization and identification}},
    year = {2005},
    journal = {ICASSP, IEEE International Conference on Acoustics, Speech and Signal Processing - Proceedings},
    author = {Busso, Carlos and Hernanz, Sergi and Chu, Chi Wei and Kwon, Soon Il and Lee, Sung and Georgiou, Panayiotis G. and Cohen, Isaac and Narayanan, Shrikanth}
}

@article{Yu2010SmartIssues,
    title = {{Smart meeting systems: A survey of state-of-the-art and open issues}},
    year = {2010},
    journal = {ACM Computing Surveys},
    author = {Yu, Zhiwen and Nakamura, Yuichi},
}

@article{Kowalczyk2015ParametricProcessing,
    title = {{Parametric Spatial Sound Processing}},
    year = {2015},
    journal = {IEEE Signal Processing Magazine},
    author = {Kowalczyk, K and Thiergart, O and Taseska, M and Galdo, G Del and Pulkki, V and Habets, E A P},
}

@article{Astapov2015GunshotArrays,
    title = {{Gunshot acoustic component localization with distributed circular microphone arrays}},
    year = {2015},
    journal = {International Conference on Digital Signal Processing, DSP},
    author = {Astapov, Sergei and Ehala, Johannes and Berdnikova, Julia and Preden, Jurgo Soren},
}

@article{Doclo2015MultichannelMicrophones,
    title = {{Multichannel signal enhancement algorithms for assisted listening devices: Exploiting spatial diversity using multiple microphones}},
    year = {2015},
    journal = {IEEE Signal Processing Magazine},
    author = {Doclo, Simon and Kellermann, Walter and Makino, Shoji and Nordholm, Sven Erik},
    number = {2},
    pages = {18--30},
    volume = {32},
    isbn = {1053-5888},
    doi = {10.1109/MSP.2014.2366780},
    issn = {10535888}
}

@inproceedings{Kowalczyk2016EmbeddedSignals,
    title = {{Embedded system for acquisition and enhancement of audio signals}},
    year = {2016},
    booktitle = {Signal Processing: Algorithms, Architectures, Arrangements, and Applications (SPA)},
    author = {Kowalczyk, Konrad and Wozniak, Szymon and Chyrowicz, Tomasz and Rumian, Roman},
}

@article{Guo2017IndoorClustering,
    title = {{Indoor multi-sound source localization based on nonparametric Bayesian clustering}},
    year = {2017},
    journal = {IEEE International Conference on Acoustics, Speech and Signal Processing},
    author = {Guo, Yao and Zhu, Hongyan and Cheng, Qi},
}

@article{Knapp1976TheDelay,
    title = {{The generalized correlation method for estimation of time delay}},
    year = {1976},
    journal = {IEEE Transactions on Acoustics, Speech, and Signal Processing},
    author = {Knapp, C. and Carter, G.},
    number = {4},
    month = {8},
    pages = {320--327},
    volume = {24},
    url = {http://ieeexplore.ieee.org/document/1162830/},
    isbn = {00963518 (ISSN)},
    doi = {10.1109/TASSP.1976.1162830},
    issn = {0096-3518},
    pmid = {1162830}
}

@inproceedings{Sun2016ExperimentalArray,
    title = {{Experimental array signal processing demonstration system by utilizing microphone array}},
    year = {2016},
    booktitle = {CIE International Conference on Radar (RADAR)},
    author = {Sun, Yuze and Yang, Xiaopeng and Guo, Liyong and Long, Teng},
}

@article{Li2017TheEstimation,
    title = {{The design and implementation of a smartphone-based acoustic array system for DOA estimation}},
    year = {2017},
    journal = {Chinese Control Conference, CCC},
    author = {Li, Guinan and Bao, Xue and Wang, Zhi},
    pages = {5416--5423},
    isbn = {9789881563934},
    doi = {10.23919/ChiCC.2017.8028214},
    issn = {21612927},
    keywords = {DOA estimation, MUSIC, RBS-PFS mechanism, Sample-counting technique, Smartphone}
}

@inproceedings{Wael2015WidebandRadio,
    title = {{Wideband spectrum sensing using Welch periodogram in cognitive radio}},
    year = {2015},
    booktitle = {International Conference on Radar, Antenna, Microwave, Electronics and Telecommunications (ICRAMET)},
    author = {Wael, Chaeriah Bin Ali and Armi, Nasrullah and Sariningrum, Ros},
}

@article{Martinez2013PerformanceSensing,
    title = {{Performance evaluation of Welch periodogram-based energy detection for spectrum sensing}},
    year = {2013},
    journal = {IET Communications},
    author = {Mart{\'{i}}nez, Daniela M. and Andrade, Ángel G.},
    number = {11},
    pages = {1117--1125},
    volume = {7},
    url = {http://digital-library.theiet.org/content/journals/10.1049/iet-com.2012.0640},
    doi = {10.1049/iet-com.2012.0640},
    issn = {1751-8628}
}

@article{Sarvanko2008CooperativeRadios,
    title = {{Cooperative and Noncooperative Spectrum Sensing Techniques Using Welch ’ s Periodogram in Cognitive Radios}},
    year = {2008},
    journal = {Ieee},
    author = {Sarvanko, Heli and Mustonen, Miia and Hekkala, Atso and Aarne, M},
    pages = {6--10},
    doi = {10.1109/COGART.2008.4509987}
}

@article{Goswami2016ErrorUsers,
    title = {{Error analysis for high data rate applications using Welch's power spectral by Cognitive radio users}},
    year = {2016},
    journal = {2016 International Conference on Information Communication and Embedded Systems, ICICES 2016},
    author = {Goswami, P and Mukherjee, A and Rout, G S and Datta, A},
    number = {2},
    pages = {0--4},
    volume = {1},
    url = {https://www.scopus.com/inward/record.uri?eid=2-s2.0-84992090854&doi=10.1109%2FICICES.2016.7518866&partnerID=40&md5=34bca92503dd3e772874047339d06cab},
    isbn = {9781509025527},
    doi = {10.1109/ICICES.2016.7518866},
    keywords = {awgn, bit error rate, cognitive radio, energy detection, indicates the absence of, pus and present of, spectrum sensing, welches power spectral density}
}

@article{Wang2015Two-DimensionSystems,
    title = {{Two-Dimension Direction-of-Arrival Estimation for Massive MIMO Systems}},
    year = {2015},
    journal = {IEEE Access},
    author = {Wang, Ting and Ai, B O and He, Ruisi and Zhong, Zhangdui},
}

@article{Larsson2014MassiveSystems,
    title = {{Massive MIMO for next generation wireless systems}},
    year = {2014},
    journal = {IEEE Communications Magazine},
    author = {Larsson, Erik and Edfors, Ove and Tufvesson, Fredrik and Marzetta, Thomas},
}

@article{Andrews2014WhatBe,
    title = {{What will 5G be?}},
    year = {2014},
    journal = {IEEE Journal on Selected Areas in Communications},
    author = {Andrews, J.G. Jeffrey G. and Buzzi, Stefano and Choi, Wan and Hanly, Stephen V. S.V. and Lozano, Angel and Soong, A.C.K. Anthony C K and Zhang, J.C. Jianzhong Charlie},
}

@article{Benesty2007OnPerspective,
    title = {{On Microphone-Array Beamforming From a MIMO Acoustic Signal Processing Perspective}},
    year = {2007},
    author = {Benesty, Jacob and Chen, Jingdong and Dmochowski, Jacek},
    number = {3},
    pages = {1053--1065},
    volume = {15}
}

@article{Morgenstern2017DesignSystem,
    title = {{Design framework for spherical microphone and loudspeaker arrays in a multiple-input multiple-output system}},
    year = {2017},
    journal = {The Journal of the Acoustical Society of America},
    author = {Morgenstern, Hai and Rafaely, Boaz and Noisternig, Markus},
    number = {3},
    month = {3},
    pages = {2024--2038},
    volume = {141},
    url = {http://aip.scitation.org/doi/10.1121/1.4978660},
    doi = {10.1121/1.4978660},
    issn = {0001-4966}
}

@misc{WenaAngleRadar,
    title = {{Angle estimation and mutual coupling self-calibration for ULA-based bistatic MIMO radar}},
    author = {Wena, Fangqing and Zhang, Zijing and Wanga, Ke and Shenga, Guanqun and Zhangc, Gong},
    doi = {https://doi.org/10.1016/j.sigpro.2017.09.021}
}

@article{R1,
    title = {{r1}}
}

@article{R2,
    title = {{r2}}
}

@article{Pessentheiner2016LocalizationSources,
    title = {{Localization and characterization of multiple harmonic sources}},
    year = {2016},
    journal = {IEEE/ACM Transactions on Audio Speech and Language Processing},
    author = {Pessentheiner, Hannes and Hagmuller, Martin and Kubin, Gernot},
    number = {8},
    pages = {1348--1363},
    volume = {24},
    doi = {10.1109/TASLP.2016.2556282},
    issn = {23299290},
    keywords = {Joint estimation, data association, direction of arrival, fundamental frequency, microphone array, pitch estimation, pitch-period doubling, sparse joint parameter space}
}

@article{Kepuska2018Next-Generation,
    title = {{Next-Generation of Virtual Personal Assistants ( Microsoft Cortana , Apple Siri , Amazon Alexa and Google Home )}},
    year = {2018},
    author = {K{\"{e}}puska, Veton},
    number = {c},
    pages = {99--103},
    isbn = {9781538646496},
    doi = {10.1109/CCWC.2018.8301638},
    keywords = {gesture recognition, image, image recognition, multi-modal dialogue, systems, virtual personal assistants}
}

@article{Cheng2018DevelopmentDiabetes,
    title = {{Development and Evaluation of a Healthy Coping Voice Interface Application Using the Google Home for Elderly Patients with Type 2 Diabetes}},
    year = {2018},
    journal = {15th IEEE Annual Consumer Communications {\&} Networking Conference (CCNC)},
    author = {Cheng, Amy and Raghavaraju, Vaishnavi and Kanugo, Jayanth and Handrianto, ohanes P and Shang, Yi},
    isbn = {9781538647905},
    doi = {10.1109/CCNC.2018.8319283},
    keywords = {a novel intervention strategy, application, eldercare, google home, healthy coping, home via an artificial, intelligence, mellitus, self-management, that utilizes the, type 2 diabetes, voice interface, voice interface of google}
}

@article{Alamoudi2017SparseConfiguration,
    title = {{Sparse DOA estimation based on a shifted coprime array configuration}},
    year = {2017},
    journal = {Mediterranean Microwave Symposium},
    author = {Alamoudi, Saeed M. and Aldhaheri, Mohammed A. and Alawsh, Saleh A. and Muqaibel, Ali H.},
    pages = {4--7},
    isbn = {9781509025862},
    doi = {10.1109/MMS.2016.7803789},
    issn = {21579830},
    keywords = {Compressive sensing, coprime array, difference co-array, direction-of-arrival estimation, shifted coprime array}
}

@inproceedings{Mazlout2016PerformanceChannel,
    title = {{Performance analysis of 2-D DOA estimation using L-shaped array in scattered channel}},
    year = {2016},
    booktitle = {International Symposium on Signal, Image, Video and Communications (ISIVC)},
    author = {Mazlout, Sahbi and Ben Salah, M. Bassem and Samet, Abdelaziz},
}

@inproceedings{Bin20162D-DOAMethod,
    title = {{2D-DOA estimation for uniform rectangular array using noncircular HOSVD method}},
    year = {2016},
    booktitle = {11th International Symposium on Antennas, Propagation and EM Theory (ISAPE)},
    author = {Bin, Yang and Dongmei, Huang and Su, Liu},
}

@inproceedings{Do2017DirectionArrays,
    title = {{Direction finding in multipath environments using moving uniform circular arrays}},
    year = {2017},
    booktitle = {3rd International Conference on Frontiers of Signal Processing (ICFSP)},
    author = {Do, Van Long and Nguyen, Thai Binh and Dao, Vu Kien and Nguyen, Cuong Hoang},
}

@article{JDFollum2015DetectionMethods,
    title = {{Detection of Forced Oscillations in power systems with multichannel methods}},
    year = {2015},
    author = {{JD Follum}},
    number = {September},
    pages = {1--11}
}

@article{Alexandridis2018MultipleProblem,
    title = {{Multiple Sound Source Location Estimation in Wireless Acoustic Sensor Networks Using DOA Estimates: The Data-Association Problem}},
    year = {2018},
    journal = {IEEE/ACM Transactions on Audio Speech and Language Processing},
    author = {Alexandridis, Anastasios and Mouchtaris, Athanasios},
    number = {2},
    pages = {342--356},
    volume = {26},
    doi = {10.1109/TASLP.2017.2772831},
    issn = {23299290},
    keywords = {Data-association, direction of arrival estimates, localization, microphone arrays, wireless acoustic sensor networks}
}

@article{Wu2015Multi-sourceSensor,
    title = {{Multi-source direction-of-arrival estimation in a reverberant environment using single acoustic vector sensor}},
    year = {2015},
    journal = {ICASSP, IEEE International Conference on Acoustics, Speech and Signal Processing - Proceedings},
    author = {Wu, Kai and Reju, V. G. and Khong, Andy W.H.},
    pages = {444--448},
    volume = {2015-Augus},
    isbn = {9781467369978},
    doi = {10.1109/ICASSP.2015.7178008},
    issn = {15206149},
    keywords = {Hermitian angle, Multi-source DOA estimation, acoustic vector sensor, time-frequency sparsity}
}

@inproceedings{Hafezi2017Multi-sourceEstimation,
    title = {{Multi-source estimation consistency for improved multiple direction-of-arrival estimation}},
    year = {2017},
    booktitle = {2017 Hands-free Speech Communications and Microphone Arrays (HSCMA)},
    author = {Hafezi, Sina and Moore, Alastair H. and Naylor, Patrick A.},
    pages = {81--85},
    publisher = {IEEE},
    url = {http://ieeexplore.ieee.org/document/7895566/},
    isbn = {978-1-5090-5925-6},
    doi = {10.1109/HSCMA.2017.7895566}
}